@inproceedings{Lee,
 author = {Lee, Ja Young and Gibson, Madeleine C. and Lee, John D.},
 title = {Error Recovery in Multitasking While Driving},
 booktitle = {Proceedings of the 2016 CHI Conference on Human Factors in Computing Systems},
 series = {CHI '16},
 year = {2016},
 isbn = {978-1-4503-3362-7},
 location = {San Jose, California, USA},
 pages = {5104--5113},
 numpages = {10},
 url = {http://doi.acm.org/10.1145/2858036.2858238},
 doi = {10.1145/2858036.2858238},
 acmid = {2858238},
 publisher = {ACM},
 address = {New York, NY, USA},
 keywords = {distraction, driving, error, interruption, multitasking, task switching},
}

@article{Janssen,
    author = {Janssen, Christian P. AND Brumby, Duncan P.},
    journal = {PLOS ONE},
    publisher = {Public Library of Science},
    title = {Strategic Adaptation to Task Characteristics, Incentives, and Individual Differences in Dual-Tasking},
    year = {2015},
    month = {07},
    volume = {10},
    url = {https://doi.org/10.1371/journal.pone.0130009},
    pages = {1-32},
    number = {7},
    doi = {10.1371/journal.pone.0130009}
}

@inproceedings{Jin,
 author = {Jin, Jing and Dabbish, Laura A.},
 title = {Self-interruption on the Computer: A Typology of Discretionary Task Interleaving},
 booktitle = {Proceedings of the SIGCHI Conference on Human Factors in Computing Systems},
 series = {CHI '09},
 year = {2009},
 isbn = {978-1-60558-246-7},
 location = {Boston, MA, USA},
 pages = {1799--1808},
 numpages = {10},
 url = {http://doi.acm.org/10.1145/1518701.1518979},
 doi = {10.1145/1518701.1518979},
 acmid = {1518979},
 publisher = {ACM},
 address = {New York, NY, USA},
 keywords = {attention, interruption, multi-tasking, self-interruption, task-switching, work fragmentation, work spheres},
} 